@misc{ngspice,
  author = {Vogt, Holger and Giles, Atkinson and Nenzi, Paolo and Warning, Dietmar},
  title  = {{NGSPICE} 40 --- Open source spice simulator},
  year   = {2023},
  url    = {https://ngspice.sourceforge.io/}
}

@manual{manual,
  author = {Vogt, Holger and Giles, Atkinson and Nenzi, Paolo and Warning, Dietmar},
  title  = {Ngspice Userâ€™s Manual Version 40 (ngspice release version)},
  year   = {2023},
  month  = apr,
  url    = {https://ngspice.sourceforge.io/docs/ngspice-40-manual.pdf}
}
